<collection xmlns="http://www.loc.gov/MARC21/slim">
<record>
  <leader>01683nam0a2200301 i 450 </leader>
  <controlfield tag="001">IT\ICCU\CNCE\049589</controlfield>
  <controlfield tag="005">20140328000000.0</controlfield>
  <datafield tag="012" ind1=" " ind2=" ">
    <subfield code="a">e.l- neti o,o, EtAn (3) 1599 (Q)</subfield>
    <subfield code="2">fei</subfield>
  </datafield>
  <datafield tag="100" ind1=" " ind2=" ">
    <subfield code="a">19991108d1599        0itac0103    ba</subfield>
  </datafield>
  <datafield tag="101" ind1=" " ind2=" ">
    <subfield code="a">ITA</subfield>
  </datafield>
  <datafield tag="102" ind1=" " ind2=" ">
    <subfield code="a">IT</subfield>
  </datafield>
  <datafield tag="200" ind1="1" ind2=" ">
    <subfield code="a">℗Il ℗mostruosissimo mostro di Giouanni de Rinaldi. diviso in due trattati. Nel primo de&apos; quali si ragiona del significato de&apos; colori. Nel secondo si tratta dell&apos;herbe, &amp; fiori. Di nuouo ristampato, et con somma diligenza corretto</subfield>
  </datafield>
  <datafield tag="210" ind1=" " ind2=" ">
    <subfield code="a">In Brescia</subfield>
    <subfield code="c">nella stamperia di Policreto Turlini</subfield>
    <subfield code="d">\1599!</subfield>
    <subfield code="e">In Brescia</subfield>
    <subfield code="g">nella stamperia di Policrto \!! Turlini</subfield>
    <subfield code="h">1599</subfield>
  </datafield>
  <datafield tag="215" ind1=" " ind2=" ">
    <subfield code="a">78, \2! c.</subfield>
    <subfield code="d">8ʻ</subfield>
  </datafield>
  <datafield tag="620" ind1=" " ind2=" ">
    <subfield code="a">IT</subfield>
    <subfield code="d">Brescia</subfield>
  </datafield>
  <datafield tag="700" ind1=" " ind2="1">
    <subfield code="a">Rinaldi,</subfield>
    <subfield code="b">Giovanni</subfield>
    <subfield code="3">IT\ICCU\CNCA\006881</subfield>
  </datafield>
  <datafield tag="712" ind1="0" ind2="0">
    <subfield code="a">Turlino, Policreto</subfield>
    <subfield code="3">IT\ICCU\CNCT\000250</subfield>
    <subfield code="4">650</subfield>
  </datafield>
  <datafield tag="790" ind1=" " ind2="1">
    <subfield code="a">De_Rinaldi,</subfield>
    <subfield code="b">Giovanni</subfield>
    <subfield code="3">IT\ICCU\CNCA\006882</subfield>
    <subfield code="z">Rinaldi, Giovanni</subfield>
  </datafield>
  <datafield tag="791" ind1="0" ind2="0">
    <subfield code="a">Turlinus, Polycretus</subfield>
    <subfield code="3">IT\ICCU\CNCT\005609</subfield>
    <subfield code="z">Turlino, Policreto</subfield>
  </datafield>
  <datafield tag="791" ind1="0" ind2="0">
    <subfield code="a">Turlini, Polycreto</subfield>
    <subfield code="3">IT\ICCU\CNCT\005610</subfield>
    <subfield code="z">Turlino, Policreto</subfield>
  </datafield>
  <datafield tag="801" ind1=" " ind2="3">
    <subfield code="a">IT</subfield>
    <subfield code="b">ICCU</subfield>
    <subfield code="c">20201115</subfield>
  </datafield>
  <datafield tag="899" ind1=" " ind2=" ">
    <subfield code="a">Biblioteca civica A. Mai. Bergamo</subfield>
    <subfield code="1">BG0026</subfield>
    <subfield code="2">LO1 02</subfield>
  </datafield>
  <datafield tag="899" ind1=" " ind2=" ">
    <subfield code="a">Biblioteca nazionale Braidense. Milano</subfield>
    <subfield code="1">MI0185</subfield>
    <subfield code="2">MIL NB</subfield>
  </datafield>
  <datafield tag="899" ind1=" " ind2=" ">
    <subfield code="a">Biblioteca universitaria. Napoli</subfield>
    <subfield code="1">NA0070</subfield>
    <subfield code="2">NAP BU</subfield>
  </datafield>
  <datafield tag="899" ind1=" " ind2=" ">
    <subfield code="a">Biblioteca Palatina. Parma</subfield>
    <subfield code="1">PR0072</subfield>
    <subfield code="2">PAR PA</subfield>
  </datafield>
  <datafield tag="899" ind1=" " ind2=" ">
    <subfield code="a">British Library. London</subfield>
    <subfield code="1">UK0001</subfield>
  </datafield>
  <datafield tag="911" ind1=" " ind2=" ">
    <subfield code="a">Sul front.</subfield>
    <subfield code="9">IT\ICCU\CNCM\000310</subfield>
  </datafield>
  <datafield tag="921" ind1=" " ind2=" ">
    <subfield code="a">IT\ICCU\CNCM\000310</subfield>
    <subfield code="b">Aquila ad ali spiegate tiene con gli artigli un libro aperto. In cornice figurata.</subfield>
    <subfield code="e">1) Plus sapies si sapis me sequere; 2) In nubibus.</subfield>
    <subfield code="c">Z118</subfield>
    <subfield code="d">Dimensioni: 2,9 x 3,2</subfield>
    <subfield code="f">ALI</subfield>
    <subfield code="f">AQUILA</subfield>
    <subfield code="f">ARTIGLI</subfield>
    <subfield code="f">LIBRO</subfield>
    <subfield code="f">PLUSSAPIES</subfield>
    <subfield code="g">[non prima del 1582]-1599</subfield>
  </datafield>
</record>
</collection>
